<?xml version="1.0" encoding="UTF-8"?><record xmlns="http://www.loc.gov/MARC21/slim" xmlns:cinclude="http://apache.org/cocoon/include/1.0" xmlns:zs="http://www.loc.gov/zing/srw/">
  <leader>00443nz  a2200145n  4500</leader>
  <controlfield tag="001">n 2011008656</controlfield>
  <controlfield tag="003">DLC</controlfield>
  <controlfield tag="005">20110209075031.0</controlfield>
  <controlfield tag="008">110208n| acannaabn          |a ana      </controlfield>
  <datafield tag="010" ind1=" " ind2=" ">
    <subfield code="a">n 2011008656</subfield>
  </datafield>
  <datafield tag="040" ind1=" " ind2=" ">
    <subfield code="a">DLC</subfield>
    <subfield code="b">eng</subfield>
    <subfield code="c">DLC</subfield>
  </datafield>
  <datafield tag="110" ind1="2" ind2=" ">
    <subfield code="a">Severin &amp; Andreas Jensens møbelfabrik</subfield>
  </datafield>
  <datafield tag="410" ind1="2" ind2=" ">
    <subfield code="a">Severin og Andreas Jensens møbelfabrik</subfield>
  </datafield>
  <datafield tag="410" ind1="2" ind2=" ">
    <subfield code="a">Jensens møbelfabrik</subfield>
  </datafield>
  <datafield tag="670" ind1=" " ind2=" ">
    <subfield code="a">Træ og visioner, 2009:</subfield>
    <subfield code="b">t.p. (Severin &amp; Andreas Jensens møbelfabrik)</subfield>
  </datafield>
</record>